
@inproceedings{Gross1990,
	address = "Nice",
	author = "Gross, P and D{\"{o}}lling, R and Weis, T and Klein, H and Pozimski, J and Wiegand, J",
	booktitle = "\tg{Πρακτικά} {EPAC}",
	title = "An Electron Beam Probe for Ion Beam Diagnosis",
	year = "1990",
	pages = "806--808",
}

@inproceedings{Dudnikov2012,
	address = "New Orleans",
	author = "Dudnikov, V and Aleksandrov, A",
	booktitle = "\tg{Πρακτικά} {IPAC}",
	isbn = "9783954501151",
	pages = "472--474",
	title = "Ribbon electron beam profile monitor for bunched beam tomography",
	year = "2012",
	isbn = "9783954501151",
}

@article{Bosser2002,
	author = "Bosser, J and Dimopoulou, C and Feschenko, A and Maccaferri, R",
	doi = "10.1016/S0168-9002(01)01965-9",
	issn = "01689002",
	journal = "Nuclear Instruments and Methods in Physics Research",
	keywords = "beam instrumentation,ccd camera,curtain,ion beam,lhc,linac,monitor,profile,resistive plate,sps",
	month = "may",
	number = "1-3",
	pages = "1--16",
	title = "Transverse profile monitor using ion probe beams",
	volume = "A484",
	year = "2002"
}

@article{Pasour1992,
	author = "Pasour, J A and Ngo, M T",
	doi = "10.1063/1.1142603",
	issn = "00346748",
	journal = "Review of Scientific Instruments",
	number = "5",
	pages = "3027--3039",
	title = "Nonperturbing electron beam probe to diagnose charged-particle beams",
	volume = "63",
	year = "1992"
}

@inproceedings{Tsyganov1993a,
	address = "Washington D.C.",
	author = "Tsyganov, E and Meinke, R and Nexsen, W and Kauffmann, S and Zinchenko, A and Taratin, A",
	booktitle = "\tg{Πρακτικά} {PAC}",
	pages = "2489--2491",
	title = "Electron beam emittance monitor for the {SSC}",
	year = "1993"
}

@techreport{Shestak1987,
	address = "Vancouver",
	author = "Shestak, V and Kost, C J and Burge, R and Steski, D B and Kornak, S",
	institution = "{TRIUMF TRI-DN-87-36}",
	title = "Electron beam probe for ion beam diagnostics",
	year = "1987"
}

@techreport{Tsujino2012a,
	address = "Villigen",
	author = "Tsujino, S and Braun, H H",
	institution = "{PSI}",
	title = "Electron Fork: noninvasive beam size monitor based on field emitter array",
	year = "2012"
}

@inproceedings{Blokland2009,
	address = "Basel",
	author = "Blokland, W and Aleksandrov, S and Cousineau, S and Malyutin, D and Starostenko, S",
	booktitle = "\tg{Πρακτικά} {DIPAC}",
	pages = "155--157",
	title = "Electron scanner for {SNS} ring profile measurements",
	year = "2009"
}

@inproceedings{Thurman2011,
	title = "Initial characterization of a commerical electron gun for profiling high intensity proton beams in Project {X}",
	author = "Thurman-Keup, R and Thangaraj, JCT and Blokland, W and Lumpkin, AH and Johnson, AS and Zhang, D",
	booktitle = "\tg{Πρακτικά} {PAC}",
	pages = "525--527",
	year = "2011"
}

@inproceedings{Pasour1995,
	author = "Pasour, J A and Ngo, M T",
	doi = "10.1063/1.48077",
	issn = "0094243X",
	journal = "{AIP} Conference Proceedings",
	pages = "377--383",
	booktitle = "\tg{Πρακτικά} {AIP}",
	title = "Ion probe for beam position and profile measurement",
	volume = "333",
	year = "1995"
}

@inproceedings{Logatchov2006,
	address = "Novosibirsk",
	author = "Logatchov, P V and Malyutin, D A and Starostenko, A A",
	booktitle = "\tg{Πρακτικά} {RuPAC}",
	pages = "40--42",
	title = "Low energy electron beam as a nondestructive diagnostic tool for high power beams",
	year = "2006"
}

@inproceedings{Starostenko2000,
	address = "Vienna",
	author = "Starostenko, A A and Bak, P A and Gusev, Y A and Dikansky, N S and Logatchov, P V and Frolov, A R",
	booktitle = "\tg{Πρακτικά} {EPAC}",
	pages = "1720--1722",
	title = "Non-destructive singlepass bunch length monitor: experiments at {VEPP-5} preinjector electron linac",
	year = "2000"
}

@inproceedings{Logatchov1999,
	address = "New York",
	author = "Logatchov, P V and Bak, P A and Starostenko, A A and Dikansky, N S and Tupikov, V S and Gubin, K V and Mishnev, V M and Korabelnikov, M B and Fedotov, M G",
	booktitle = "\tg{Πρακτικά} {PAC}",
	isbn = "0780355733",
	pages = "2167--2169",
	title = "Non-destructive singlepass monitor of longitudinal charge distribution in an ultrarelativistic electron bunch",
	year = "1999"
}

@book{Aicheler2012,
	address = "Geneva",
	editor = "Aicheler, M and Burrows, P and Draper, M and Garvey, T and Lebrun, P and Peach, K and Phinney, N and Schmickler, H and Schulte, D and Toge, N",
	publisher = "{CERN}",
	isbn = "9789290833796",
	title = "A Multi-{TeV} linear collider based on {CLIC} technology: {CLIC} Conceptual Design Report",
	year = "2012"
}

@inproceedings{Biscari2009,
	address = "Vancouver",
	author = "Biscari, C and Alesini, D and Ghigo, A and Marcellini, F and Jeanneret, B",
	booktitle = "\tg{Πρακτικά} {PAC}",
	pages = "2673--2675",
	title = "{CLIC} drive beam frequency multiplication system design",
	year = "2009"
}

@article{Roy2005,
	doi = "10.1063/1.1847392",
	title = "Electron-beam diagnostic for space-charge measurement of an ion beam",
	author = "Roy, P K and Yu, S S and Henestroza, E and Eylon, S and Shuman, D B and Ludvig, J and Bieniosek, F M and Waldron, W L and Greenway, W G and Vanecek, D L and Hannink, R and Amezcua, M",
	issn = "00346748",
	journal = "Review of Scientific Instruments",
	volume = "76",
	year = "2005",
	publisher	= "American Institute of Physics",	
	issue	= {2},
}

@inproceedings{Aleksandrov2005,
	address = "Knoxville",
	author = "Aleksandrov, A and Assadi, S and Cousineau, S and Danilov, V and Henderson, S and Plum, M and Logatchov, P and Starostenko, A",
	booktitle = "\tg{Πρακτικά} {PAC}",
	isbn = "0780388593",
	pages = "2586--2588",
	title = "Feasibility study of using an electron beam for profile measurements in the {SNS} accumulator ring",
	year = "2005"
}
@inproceedings{Degiovanni2014,
	address = "Dresden",
	author = "Degiovanni, A and Doebert, S and Farabolini, W and Grudiev, A and Kovermann, J and Montesinos, E and Riddone, G and Syratchev, I and Wegner, R and Wuensch, W and Solodko, A and Woolley, B",
	booktitle = "\tg{Πρακτικά} {IPAC}",
	isbn = "9783954501328",
	pages = "2285--2287",
	title = "High-gradient Test Results from a {CLIC} Prototype Accelerating Structure: {TD26CC}",
	year = "2014"
}

@book{Baird2007,
	author = "Baird, S",
	title = "Accelerators for Pedestrians",
	publisher = "{CERN}",
	year = "2007",
	address = "Geneva",	
}


@book{Forshaw2014,
  title="Dynamics and Relativity",
  author="Forshaw J, Smith, G",
  isbn="9781118933299",
  series="Manchester Physics Series",
  year="2014",
  publisher="Wiley",
}
